<record><leader>00000cas a2200000 a 4500</leader><controlfield tag="001">24640663</controlfield><controlfield tag="008">911029d19891995caudr ne      0   a0eng c</controlfield><datafield ind1=" " ind2=" " tag="010"><subfield code="a">sn 91004603 </subfield></datafield><datafield ind1=" " ind2=" " tag="040"><subfield code="a">NSD</subfield><subfield code="b">eng</subfield><subfield code="c">NSD</subfield><subfield code="d">CNK</subfield><subfield code="d">OCLCQ</subfield><subfield code="d">CNK</subfield><subfield code="d">OCLCF</subfield><subfield code="d">OCLCO</subfield></datafield><datafield ind1=" " ind2=" " tag="012"><subfield code="j">0</subfield><subfield code="m">y</subfield></datafield><datafield ind1="1" ind2=" " tag="022"><subfield code="a">1059-5694</subfield><subfield code="l">1059-5694</subfield><subfield code="y">0746-0058</subfield><subfield code="2">1</subfield></datafield><datafield ind1="1" ind2=" " tag="029"><subfield code="a">AU@</subfield><subfield code="b">000020683672</subfield></datafield><datafield ind1=" " ind2=" " tag="032"><subfield code="a">057700</subfield><subfield code="b">USPS</subfield></datafield><datafield ind1=" " ind2=" " tag="037"><subfield code="b">South Coast Newspapers, Inc., 1722 S. Hill St., Oceanside, CA 92054</subfield></datafield><datafield ind1=" " ind2=" " tag="042"><subfield code="a">nsdp</subfield><subfield code="a">pcc</subfield></datafield><datafield ind1=" " ind2="4" tag="222"><subfield code="a">The North County blade-citizen</subfield></datafield><datafield ind1="0" ind2="4" tag="245"><subfield code="a">The North County blade-citizen.</subfield></datafield><datafield ind1="3" ind2=" " tag="246"><subfield code="a">North County blade citizen</subfield></datafield><datafield ind1="1" ind2="7" tag="246"><subfield code="a">Blade-citizen</subfield></datafield><datafield ind1=" " ind2=" " tag="260"><subfield code="a">Oceanside, CA :</subfield><subfield code="b">South Coast Newspapers, Inc.,</subfield></datafield><datafield ind1=" " ind2=" " tag="300"><subfield code="a">v.</subfield></datafield><datafield ind1=" " ind2=" " tag="310"><subfield code="a">Daily</subfield></datafield><datafield ind1="0" ind2=" " tag="362"><subfield code="a">59th year, no. 176 (June 30, 1989)-65th year, no. 335 (Dec. 2, 1995).</subfield></datafield><datafield ind1=" " ind2=" " tag="500"><subfield code="a">"The North County" appears in small print above "Blade-Citizen."</subfield></datafield><datafield ind1=" " ind2=" " tag="500"><subfield code="a">Name of geographic edition appears in smaller print at an angle to the left of "Blade-Citizen."</subfield></datafield><datafield ind1=" " ind2=" " tag="500"><subfield code="a">Serving North San Diego County.</subfield></datafield><datafield ind1=" " ind2=" " tag="500"><subfield code="a">Per editorial in June 1989, the Blade-Tribune, the two Citizens [Solana Beach and Del Mar, Calif.] and the La Costan unite to form the Blade-Citizen.</subfield></datafield><datafield ind1=" " ind2=" " tag="580"><subfield code="a">Published in several local editions, including Oceanside, Vista, and Carlsbad.</subfield></datafield><datafield ind1=" " ind2=" " tag="580"><subfield code="a">Formed by the union of: Citizen (Solana Beach, Calif.), and: Costan, and: Del Mar citizen, and: Blade-tribune.</subfield></datafield><datafield ind1=" " ind2=" " tag="530"><subfield code="a">Master negatives are available for duplication from:</subfield><subfield code="b">California Newspaper Microfilm Archive;</subfield><subfield code="c">positive copies may be purchased by the reel; for further information consult the CNMA at:</subfield><subfield code="u">http://cbsr.ucr.edu</subfield></datafield><datafield ind1=" " ind2="0" tag="651"><subfield code="a">Oceanside (Calif.)</subfield><subfield code="v">Newspapers.</subfield></datafield><datafield ind1=" " ind2="0" tag="651"><subfield code="a">Carlsbad (Calif.)</subfield><subfield code="v">Newspapers.</subfield></datafield><datafield ind1=" " ind2="0" tag="651"><subfield code="a">Vista (Calif.)</subfield><subfield code="v">Newspapers.</subfield></datafield><datafield ind1=" " ind2="0" tag="651"><subfield code="a">Del Mar (Calif.)</subfield><subfield code="v">Newspapers.</subfield></datafield><datafield ind1=" " ind2="0" tag="651"><subfield code="a">San Marcos (Calif.)</subfield><subfield code="v">Newspapers.</subfield></datafield><datafield ind1=" " ind2="7" tag="655"><subfield code="a">Newspapers.</subfield><subfield code="2">fast</subfield><subfield code="0">(OCoLC)fst01423814</subfield></datafield><datafield ind1=" " ind2="7" tag="651"><subfield code="a">California</subfield><subfield code="z">Carlsbad.</subfield><subfield code="2">fast</subfield><subfield code="0">(OCoLC)fst01208495</subfield></datafield><datafield ind1=" " ind2="7" tag="651"><subfield code="a">California</subfield><subfield code="z">Del Mar.</subfield><subfield code="2">fast</subfield><subfield code="0">(OCoLC)fst01205561</subfield></datafield><datafield ind1=" " ind2="7" tag="651"><subfield code="a">California</subfield><subfield code="z">Oceanside.</subfield><subfield code="2">fast</subfield><subfield code="0">(OCoLC)fst01219037</subfield></datafield><datafield ind1=" " ind2="7" tag="651"><subfield code="a">California</subfield><subfield code="z">San Marcos.</subfield><subfield code="2">fast</subfield><subfield code="0">(OCoLC)fst01221650</subfield></datafield><datafield ind1=" " ind2="7" tag="651"><subfield code="a">California</subfield><subfield code="z">Vista.</subfield><subfield code="2">fast</subfield><subfield code="0">(OCoLC)fst01228759</subfield></datafield><datafield ind1=" " ind2=" " tag="752"><subfield code="a">United States</subfield><subfield code="b">California</subfield><subfield code="c">San Diego</subfield><subfield code="d">Oceanside.</subfield></datafield><datafield ind1="0" ind2=" " tag="775"><subfield code="a">North County blade-citizen (Solana Beach, Calif. : La Costa)</subfield><subfield code="w">(DLC)sn2001060409</subfield></datafield><datafield ind1="1" ind2="4" tag="780"><subfield code="t">Citizen (Solana Beach, Calif.)</subfield><subfield code="x">0746-0058</subfield><subfield code="w">(DLC)sn 83007900</subfield></datafield><datafield ind1="1" ind2="4" tag="780"><subfield code="t">Costan</subfield><subfield code="x">0744-7825</subfield><subfield code="w">(DLC)sn 82004724</subfield></datafield><datafield ind1="1" ind2="4" tag="780"><subfield code="t">Del Mar citizen</subfield><subfield code="x">8750-8796</subfield><subfield code="w">(DLC)sn 85009814</subfield></datafield><datafield ind1="1" ind2="4" tag="780"><subfield code="t">Blade-tribune</subfield><subfield code="w">(DLC)sn 00060545</subfield></datafield><datafield ind1="0" ind2="7" tag="785"><subfield code="t">Times-advocate (Escondido, Calif. : 1974)</subfield><subfield code="w">(DLC)sn 00060515</subfield></datafield><datafield ind1="0" ind2="7" tag="785"><subfield code="t">North County times</subfield><subfield code="w">(DLC)sn 96003252</subfield></datafield></record>